<?xml version="1.0" encoding="UTF-8"?><collection xmlns="http://www.loc.gov/MARC21/slim"><record><leader>00340nam--2200133-i-4500</leader><controlfield tag="001">000039208</controlfield><controlfield tag="002">20161230</controlfield><controlfield tag="005">20161230201042</controlfield><controlfield tag="008">060222s1000------------r-----000-0-eng-d</controlfield><datafield ind1=" " ind2=" " tag="100"><subfield code="a">Robertson, A.J.B</subfield></datafield><datafield ind1=" " ind2=" " tag="245"><subfield code="a">Mass spectrometry</subfield></datafield><datafield ind1=" " ind2=" " tag="260"><subfield code="a">London, Methuen, 1954, 135p</subfield></datafield><datafield ind1=" " ind2=" " tag="490"><subfield code="a">Methuen`S Monographs On Chemical Subjects</subfield></datafield><datafield ind1=" " ind2=" " tag="852"><subfield code="a">10468</subfield></datafield></record></collection>